<?xml version="1.0" encoding="UTF-8"?><record xmlns="http://www.loc.gov/MARC21/slim" xmlns:cinclude="http://apache.org/cocoon/include/1.0" xmlns:zs="http://www.loc.gov/zing/srw/">
  <leader>01049cz  a2200229n  4500</leader>
  <controlfield tag="001">n  81075796 </controlfield>
  <controlfield tag="003">DLC</controlfield>
  <controlfield tag="005">20080915075255.0</controlfield>
  <controlfield tag="008">811102n| acannaabn          |b ana      </controlfield>
  <datafield tag="010" ind1=" " ind2=" ">
    <subfield code="a">n  81075796 </subfield>
  </datafield>
  <datafield tag="035" ind1=" " ind2=" ">
    <subfield code="a">(OCoLC)oca00621084</subfield>
  </datafield>
  <datafield tag="040" ind1=" " ind2=" ">
    <subfield code="a">DLC</subfield>
    <subfield code="b">eng</subfield>
    <subfield code="c">DLC</subfield>
    <subfield code="d">DLC</subfield>
    <subfield code="d">MH</subfield>
    <subfield code="d">DLC-S</subfield>
    <subfield code="d">OCoLC</subfield>
  </datafield>
  <datafield tag="110" ind1="2" ind2=" ">
    <subfield code="a">Tōkyō Shōka Daigaku</subfield>
  </datafield>
  <datafield tag="410" ind1="2" ind2=" ">
    <subfield code="a">Tokyo University of Commerce</subfield>
  </datafield>
  <datafield tag="410" ind1="2" ind2=" ">
    <subfield code="a">東京商科大学</subfield>
  </datafield>
  <datafield tag="410" ind1="2" ind2=" ">
    <subfield code="a">東京商科大學</subfield>
  </datafield>
  <datafield tag="510" ind1="2" ind2=" ">
    <subfield code="w">a</subfield>
    <subfield code="a">Tōkyō Kōtō Shōgyō Gakkō</subfield>
  </datafield>
  <datafield tag="510" ind1="2" ind2=" ">
    <subfield code="w">b</subfield>
    <subfield code="a">Tōkyō Sangyō Daigaku</subfield>
  </datafield>
  <datafield tag="667" ind1=" " ind2=" ">
    <subfield code="a">Machine-derived non-Latin script reference project.</subfield>
  </datafield>
  <datafield tag="667" ind1=" " ind2=" ">
    <subfield code="a">Non-Latin script references not evaluated.</subfield>
  </datafield>
  <datafield tag="670" ind1=" " ind2=" ">
    <subfield code="a">Dai Nihon hyakka</subfield>
    <subfield code="b">(listed under Hitotsubashi Daigaku; Tōkyō Kōtō Shōgyō Gakkō became Tōkyō Shōka Daigaku, 1920; then changed to Tōkyō Sangyō Daigaku, 1944; then to Hitotsubashi Daigaku, 1949; national university)</subfield>
  </datafield>
  <datafield tag="670" ind1=" " ind2=" ">
    <subfield code="a">Shōgaku kenkyū (Tokyo, Japan : 1921). Shōgaku kenkyū, Dai 1-kan dai 1-gō (1921):</subfield>
    <subfield code="b">t.p. (Tōkyō Shōka Daigaku)</subfield>
  </datafield>
</record>